@report{Flagship_2022,
author = {World Bank,},
title = {Global Economic Prospect ( A World Bank Group Flagship Report)},
institution = {World Bank},
year = {2022},
}
@report{Chatterjee_2014,
author = {Claire Schaffnit Chatterjee},
title = {Agricultural value chains in Sub-Saharan Africa
From a development challenge to a business opportunity},
type = {•},
institution = {Deutsche Bank Research Frankfurt am Main
Germany},
year = {2014},
}
@article{nencift_2020,
author = {Pierluigi,Pierluigi Montalbano and Nenci,Silvia Nenci },
title = {The effects of global value chain (GVC) participation
on the economic growth of the agricultural
and food sectors},
journaltitle = {Food and Agriculture Organization of the United Nations
Rome},
year = {2020},
}
@article{nenci_2020,
author = {Silvia Nenci},
title = {Mapping global value chain (GVC) participation, positioning and vertical specialization
in agriculture and food},
journaltitle = {Food and Agriculture Organization of the United Nations
Rome},
year = {2020},
}
@report{IMF_2016,
author = {(IMF),International Monetary Fund},
title = {Trade Integration and Global Value Chains in Sub-Saharan Africa In Pursuit of the Missing Link},
type = {•},
institution = {African Department},
year = {2016},
}
@report{WDR_2020,
author = {World Bank,},
title = {Trading for Devlopment in the Age of Global Chains, World Devlopement Report},
type = {•},
institution = {World Bank},
year = {2020},
}
@inproceedings{Brin_1998,
author = {Brin, S. and L. Page},
editor = {•},
title = {“The Anatomy of a Large-Scale Hypertextual Web Search Engine.”
Proceedings of the 7th World-Wide Web Conference, Brisbane, Australia.},
booktitle = {•},
year = {1998},
}
@inbook{Umezaki_2018,
author = {Ikuo Kuroiwa and So Umezaki},
title = {Factors for GVC participation in sub-Saharan Africa},
booktitle = {•},
year = {2018},
}
@report{Mckinsey2019,
author = {Lutz Goedde and Gillian Pais and Amanda O.},
title = {Winning in Africa’s agricultural market},
type = {•},
institution = {Mckinsey&Company},
year = {2019},
}
@article{Hummels_2001,
author = {Hummels, D. and J. Ishii and K.-M. Yi},
title = {The nature and growth of vertical specialization in world trade},
journaltitle = {Journal of International Economics 54(1): 75-96},
year = {2001},
}
@article{Hanson_2003,
author = {Hanson,G and H. R. J. Mataloni Jr and M. J. Slaughter},
title = {“Vertical Production Networks in Multinational Firms”, },
journaltitle = {NBER Working Paper 9723},
year = {2003},
}
@article{Yi_2003,
author = {Yi, Yi K.-M},
title = {“Can vertical specialization explain the growth of world trade?” Journal
of Political Economy 111(1): 52-102.},
journaltitle = {Journal of Political Economy 111(1): 52-102.},
year = {2003},
}
@article{Yeats_2001,
author = {Yeats, A. J.},
title = {“Just How Big Is Global Production Sharing?” In Fragmentation: New
Production Patterns in the World Economy edited by S.W. Arndt and H.
Kierzkowski. New York: Oxford University Press},
journaltitle = {•},
year = {2001},
}
@article{Porter_1985,
author = {Porter, M. E},
title = {Competitive Advantage: Creating and Sustaining Superior
Performance. New York: The Free Press.},
journaltitle = {•},
year = {1985},
}

@article{Henderson_2002,
author = {Henderson, J. and P Dicken and M Hess and N M Coe and H Yeung},
title = {Global production
networks and the analysis of economic development”},
journaltitle = {Review of International
Political Economy 9(3): 436-64},
journaltitle = {•},
year = {2002},
}

@article{Jones_1990,
author = {Jones, R. W. and H. Kierzkowski},
title = {The Role of Services in Production and International Trade: A Theoretical Framework,” in The Political Economy of International Trade: Essays in Honor of Robert E. Baldwin edited by Ronald W. Jones and Ann Kruger. Oxford: Basil Blackwell},
journaltitle = {•},
year = {1990},
}
@article{Kim_2001,
author = {Ernst, D. and Kim, L. 2001},
title = {Global production networks, knowledge diffusion and local
capability formation: a conceptual framework},
journaltitle = {•},
year = {2001},
}
@article{Deshmukh_2008,
author = {Arshinder, Arun Kanda and S.G. Deshmukh},
title = {Supply chain coordination: perspectives,
empirical studies and research directions”,},
journaltitle = {International Journal of Production Economics,
115(2): 316-335.},
year = {2008},
}
@article{Porter_1980,
author = {Porter,Michael E},
title = {Competitive Strategy: Techniques for Analyzing Industries and
Competitors”, The Free Press: New York.},
journaltitle = {•},
year = {1980},
}
@article{Porter_1985,
author = {Porter,Michael E},
title = {“Competitive Advantage: Creating and Sustaining Superior
Performance”,, The Free Press: New York.},
journaltitle = {•},
year = {1985},
}
@article{Porter_1990,
author = {Porter,Michael E},
title = {The Competitive Advantage of Nations”, The Free Press: New York},
journaltitle = {•},
year = {1990},
}
@article{Womack_1996,
author = {Womack, J. P. and D. T. Jones},
title = {Lean Thinking: Banish Waste and Create Wealth in Your
Corporation”, Simon & Schuster: New York.},
journaltitle = {•},
year = {1996},
}
@article{Kaplinsky_2004,
author = {Kaplinsky, Raphael},
title = {“Spreading the gains from globalization: what can be learned
form value-chain analysis?”,, Problems of Economic Transition, 47(2): 74-115.},
journaltitle = {•},
year = {2004},
}
@article{Kaplinsky_2000,
author = {Kaplinsky, Raphael},
title = {Globalisation and unequalisation: What can be learned from
value chain analysis?”, },
journaltitle = {Journal of Development Studies, 37(2): 117-146.},
year = {2000},
}
@article{Paulraj_2004,
author = {Chen, Injazz J. and Antony Paulraj},
title = {Towards a theory of supply chain management: the
constructs and measurements},
journaltitle = {Journal of Operations Management, 22(2): 119–150.},
year = {2004},
}
@article{Gereffi_1994,
author = {Gereffi, Gary. 1994},
title = {The organization of buyer-driven global commodity chains: How U.S.
retailers shape overseas production networks”, in: G. Gereffi and M. Korzeniewicz (eds.)
Commodity Chains and Global Capitalism.Westport: Greenwood Press. pp. 95-122.},
journaltitle = {•},
year = {1994},
}
@article{Feenstra_1998,
author = {Feenstra, Robert C.},
title = {Integration of Trade and Disintegration of Production in the Global Economy”,},
journaltitle = {The Journal of Economic Perspectives, 12(4): 31-50.},
year = {1998},
}
@article{Bhagwati_1994,
author = {Bhagwati, Jagdish and Vivek H. Dehejia.},
title = {Freer Trade and Wages of the Unskilled - Is
Marx Striking Again?”, in J. Bhagwati and M. H. Kosters, eds., Trade and Wages: Levelling
Wages Down?, Washington, DC: AEI Press, pp. 36-75.},
journaltitle = {•},
year = {1994},
}
@article{Wood_2001,
author = {Wood, Adrian},
title = {Value Chains: An Economist’s Perspective”, IDS Bulletin, 32(3): 41-45.},
journaltitle = {•},
year = {2001},
}
@article{Buckley_1976,
author = {Buckley, P. J., & Casson, M. (1976)},
title = {The future of the multinational enterprise. London:
Macmillan},
journaltitle = {•},
year = {1976},
}
@article{Caves_1982,
author = {Caves, R. E.},
title = {Multinational enterprise and economic analysis. Cambridge, UK:
Cambridge University Press},
journaltitle = {•},
year = {1982},
}
@article{Dunning_1977,
author = {Dunning, J. H. (1977)},
title = {Trade, location of economic activity and the MNE: A search for an
eclectic approach. In B. Ohlin, P.-O. Hesselborn, & P. M. Wijkman (Eds.), The
international allocation of economic activity, London: Palgrave Macmillan: 395-418.},
journaltitle = {•},
year = {1977},
}
@article{Baldwin_2012,
author = {Baldwin, Richard. 2012},
title = {Global Supply Chains: Why they Emerged? Why they Matter?
And Where they are Going?”, CTEI Working Papers, Working Paper Number 2012-13, The
Graduate Institute, Geneva.},
journaltitle = {•},
year = {2012},
}
@article{Grossman_2006,
author = {Grossman, Gene M. and Esteban A. Rossi-Hansberg},
title = {“Trading Tasks: A Simple Theory
of Offshoring”},
journaltitle = {American Economic Review, 98(5): 1978-1997},
year = {2006},
}
@article{Dunning_2008,
author = {Dunning, J. H., and Lundan, S. M. },
title = {(2008). Multinational enterprises and the global economy.
Cheltenham, U.K.: Edward Elgar Publishing.},
journaltitle = {•},
year = {2008},
}
@article{Hymer_1960,
author = {Hymer, S. H. },
title = {The international operations of national firms: A study of direct foreign},
journaltitle = {•},
year = {1960},
}
@article{Rugman_1981,
author = {Rugman,A M.},
title = {Inside the multinationals: The economics of internal markets. New
York: Columbia University Press.},
journaltitle = {•},
year = {1981},
}
@article{Rugman_1990,
author = {Rugman,A M. and Verbeke},
title = {Global corporate strategy and trade policy. London:
Routledge.},
journaltitle = {•},
year = {1990},
}
@article{Rugman_2003,
author = {Rugman,A M. and Verbeke, A.},
title = {Extending the theory of the multinational enterprise:
Internalization and strategic management perspectives},
journaltitle = {Journal of International
Business Studies, 34(2), 125-137.},
year = {2003},
}
@article{Teece_1985,
author = {Teece, D. J.},
title = {Multinational enterprise, internal governance, and industrial organization},
journaltitle = {The American Economic Review, 75(2), 233-238},
year = {1985},
}
@article{Teece_1986,
author = {Teece, D. J.},
title = {Transactions cost economics and the multinational enterprise: An
assessment},
journaltitle = {Journal of Economic Behavior & Organization, 7(1), 21-45},
year = {1986},
}
@article{Vernon_1966,
author = {Vernon, R.},
title = {International investment and international trade in the product cycle.},
journaltitle = {The
Quarterly Journal of Economics, 80(2), 190-207},
year = {1966},
}
@article{Narula_2020,
author = {Rajneesh Narula and Jong Min Lee},
title = {The Theories of the Multinational Enterprise},
journaltitle = {Mariana Spatareanu (ed.) Encyclopedia of International Economics and Global Trade,
Volume 1, pp. 89-114},
year = {2020},
}
@article{Kaplinsky_2002,
author = {Kaplinsky, Raphael and Mike Morris},
title = {”A handbook for value chain research”, Institute
of Development Studies.},
journaltitle = {•},
year = {2002},
}
@article{Yeung_2006,
author = {Hess, Martin and Henry Wai-chung Yeung},
title = {“Whither global production networks
in economic geography? Past, present and future”, Environment and Planning A,
38(7): 1193-1204.},
journaltitle = {•},
year = {2006},
}
@article{Gerreffi_2001,
author = {Gereffi Gary and John Humphrey and Raphael Kaplinsky, and Timothy J. Sturgeon. 2001.},
title = {“Introduction: globalisation, value chains and development”, IDS Bulletin, 32(3): 1-8.},
journaltitle = {•},
year = {2001},
}
@article{Bair_2001,
author = {Bair, Jennifer and Gary Gereffi},
title = { "Local Clusters in Global Chains: The Causes and Consequences
of Export Dynamism in Torreon’s Blue Jeans Industry." World Development, 29(11, November):
1885-1903.},
journaltitle = {•},
year = {2001},
}
@article{Balassa_1965,
author = {Balassa, B.},
title = {Trade Liberalisation and “Revealed” Comparative Advantage.“ The Manchester
School 33.2: 99–123.},
journaltitle = {•},
year = {1965},
}
@article{CommodAfrica_2018,
author = {CommodAfrica},
title = {. La Tanzanie augmente de 94% le prix des cajou et licencie le patron du
Board. http://www.commodafrica.com/30-10-2018-la-tanzanie-augmente-de-94-le-prix-des-
cajou-et-licencie-le-patron-du-board.},
journaltitle = {•},
year = {2018},
}
@article{Okeke_2018,
author = {Okeke, A.},
title = {“Open Sesame: African Countries Major Players in Global Sesame Seed
Production.” HackingAfrica. https://hackingafrica.com/development/3289/},
journaltitle = {•},
year = {2018},
}
@article{UNCTAD_2013,
author = {United Nations Conference on Trade and Development (UNCTAD).},
title = { “World Investment
Report 2013: Global Value Chains: Investment and Trade for Development.” United
Nations Publishing, New York and Geneva.},
journaltitle = {•},
year = {2013},
}
@article{Hopkins_1977,
author = {Hopkins, Terrence K. and Immanuel Wallerstein},
title = {. “Patterns of Development of the Modern
World-System.” Review 1(2): 111-145.},
journaltitle = {•},
year = {1977},
}
@article{Bair_2005,
author = {Bair, Jennifer},
title = {“Global Capitalism and Commodity Chains: Looking Back, Going
Forward.” Competition & Change 9(2): 153-180.},
journaltitle = {•},
year = {2005},
}

@article{OECD_2013,
author = {OECD},
title = {Settlement, Market and Food Security, West African Studies, OECD Publishing, Paris,
http://dx.doi.org/10.1787/9789264187443-en.},
journaltitle = {•},
year = {2013},
}
@article{Fernandez_2011,
author = {Fernandez-Stark, Karina, Penny Bamber and Gary Gereffi},
title = {The Offshore Services Industry: Economic Upgrading and Workforce
Development. In G. Gereffi, K. Fernandez-Stark & P. Psilos (Eds.), Skills for Upgrading: Workforce Development and Global Value Chains in
Developing Countries. Durham: Center on Globalization Governance & Competitiveness and RTI International.},
journaltitle = {•},
year = {2011},
}
@online{globalvaluechains_2011,
author = {globalvaluechains.org.},
title = {Concepts & Tools. },
year = {2011},
url = {http://www.globalvaluechains.org/.},
}

@article{Escaith_2014,
author = {Escaith, H.},
title = {“Mapping Global Value Chains and Measuring Trade in
Tasks.” In Asia and Global Production Networks: Implications for Trade,
Incomes and Economic Vulnerability, edited by B. Ferrarini and D. Hum-
mels, 287–337. Mandaluyong, Philippines and Cheltenham, U.K.: Asian
Development Bank and Edwards Elgar Publishing},
journaltitle = {•},
year = {2014},
}
@article{Spence_2011,
author = {Spence, M.},
title = {“The Impact of Globalization on Income and Employ-
ment: The Downside of Integrating Markets.” Foreign Affairs 90 (4):
28–41.},
journaltitle = {•},
year = {2011},
}
@article{Dunning_1993,
author = {Dunning, J. H.},
title = { Multinational enterprises and the global economy. Wokingham, UK:
Addison-Wesley},
journaltitle = {•},
year = {1993},
}

@article{Schmitz_2004,
author = {Humphrey, J. and H. Schmitz},
title = {“Chain governance and upgrading: taking
stock”, Local Enterprises in the Global Economy: Issues of Governance and Upgrading,
H. Schmitz (ed.), Cheltenham, Edward Elgar Publishing.},
journaltitle = {•},
year = {2004},
}
@article{Friedman_2005,
author = {Friedman, T. L.},
title = {The World Is Flat: A Brief History of the Twenty-First Century
New York: Farrar, Straus and Giroux},
journaltitle = {•},
year = {2005},
}
@article{Subramanian_2013,
author = {Subramanian, A. and Kessler, M.},
title = {The Hyperglobalization of Trade and Its
Future Working Paper Series No. 13-6 Washington, DC: Peterson Institute for
International Economics},
journaltitle = {•},
year = {2013},
}
@article{Anderson_2006,
author = {Anderson, Edward, Paul Tang and Adrian Wood},
title = {“Globalisation, Co-operation Costs
and Wage Inequalities”, Oxford Economic Papers, 58 (4): 569-95.},
journaltitle = {•},
year = {2006},
}
@article{Blinder_2006,
author = {Blinder, Alan S},
title = {“Offshoring: The Next Industrial Revolution?”, Foreign Affairs, 85(2):
113-128.},
journaltitle = {•},
year = {2006},
}
@article{Fukao_2004,
author = {Fukao, K. and Amano, T.},
title = {“Foreign Direct Investment in Japan”, Mimeo, American
Chamber of Commerce in Japan, Tokyo.},
journaltitle = {•},
year = {2004},
}
@article{Wood_2002,
author = {Wood, Adrian},
title = {“Globalisation and Wage Inequalities: A Synthesis of Three Theories”,
Weltwirtschaftliches Archiv, 138 (2002) 54-82.},
journaltitle = {•},
year = {2002},
}
@article{Fontagné_2003,
author = {Debonneuil, M. and L. Fontagné},
title = {Compétitivité. La Documentation française, Rapport du
CAE, Paris, Conseil d’Analyse Economique.},
journaltitle = {•},
year = {2003},
}
@article{CommodAfrica_2019,
author = {CommodAfrica},
title = {2019. Marché du cajou en 2018: l’Afrique de l’Ouest 1er fournisseur et transformateur en
progres. http://www.commodafrica.com/31-01-2019-marche-du-cajou-en-2018-lafrique-de-
louest-1er-fournisseur-et-transformateur-en-progres.},
journaltitle = {•},
year = {2019},
}
@article{Hamrick_2015,
author = {Teale Yalch, Ghada Ahmed, and
Danny Hamrick},
title = {Comparing Russia’s and
Ukraine’s Wheat GVC},
journaltitle = {•},
year = {2015},
}
@article{Schmitz_2007,
author = {Schmitz, Hubert },
title = {Reducing Complexity in the Industrial Policy Debate
Development Policy Review 25(4) pp 417–428},
journaltitle = {•},
year = {2007},
}
@article{Benedcit_2014,
author = {Kemp-Benedict, E. },
title = { “An Interpretation and Critique of the Method of Reflections.” MPRA
Paper No. 60705, Munich Person RePEC Archive. https://mpra.ub.uni-muenchen.
de/60705/},
journaltitle = {•},
year = {2014},
}
@article{Hartmann_2017,
author = {Hartmann, D. and M.R. Guevara and C. Jara-Figueroa, N.M. Aristara, and C.A. Hidalgo. 2017},
title = {“Linking
Economic Complexity, Institutions, and Income Inequality.” World Development 93:
75–93.},
journaltitle = {•},
year = {2017},
}
@article{Gupta_2018,
author = {Gupta, P., & Blum, F.},
title = {. India’s Remarkably
Robust and Resilient Growth Story.
End Poverty in South Asia, World
Bank Blogs: https://blogs.worldbank.
org/endpovertyinsouthasia/india-s-
remarkably-robust-and-resilient-growth-
story},
journaltitle = {•},
year = {2018},
}
@article{Chauvin_2016,
author = {Chauvin, D.and N. Ramos, and G. Porto},
title = {“Trade, Growth, and Welfare Impacts of the CFTA
in Africa.” Published proceedings of the CSAE Conference 2017: Economic Development
in Africa, Oxford, March 19–21, 2017.},
journaltitle = {•},
year = {2016},
}
@article{Sandrey_2015,
author = {Jensen, H. and R. Sandrey. },
title = {The Continental Free Trade Area: A GTAP Assessment.
Stellenbosch, South Africa: Trade Law Centre.},
journaltitle = {•},
year = {2015},
}
@article{Abrego_2019,
author = {Abrego, L. and M.A. Amado and T. Gursoy and G.P. Nicholls and H. Perez-Saiz. },
title = {“African Continental
Free Trade Agreement: Welfare Gains Estimates from a General Equilibrium Model.” IMF
Working Paper 19/124, International Monetary Fund, Washington, DC.},
journaltitle = {•},
year = {2019},
}
@article{WB_2020,
author = {World Bank,},
title = {The African Continental Free Trade Area: Economic and Distributional
Effects. Washington, DC.},
journaltitle = {•},
year = {2020},
}
@article{ojo_2018,
author = {Badiane, O. and S. Odjo and J. Collins. },
title = {Africa Agriculture Trade Monitor 2018. Washington,
DC: IFPRI.},
journaltitle = {•},
year = {2018},
}
@article{Laborde_2021,
author = {Fidele Dedehouanou,David Laborde and Betina Dimaranan},
title = {Competitiveness of African Agricultural Value Chains},
journaltitle = {},
year = {2021},
}
@online{OBP_2021,
author = {Oxford Bussiness Group,},
title = {Agriculture in Africa 2021},
year = {2021},
url = {oxfordbusinessgroup.com},
}
@article{ILO_2020,
author = {ILO},
title = {COVID-19 and the world of work: Updated estimates and analysis, ILO Monitor 2nd edition},
journaltitle = {•},
year = {2020},
}
@article{Narula_2018,
author = {Rajneesh Narula},
title = {Policy opportunities and challenges from the Covid-19 pandemic for economies with large
informal sectors},
journaltitle = {Journal of International Business Policy, forthcoming },
year = {2020},
}
@article{hausman_2009,
author = {Hidalgo, C.A., and R. Hausmann. 2009},
title = {“The Building Blocks of Economic Complexity.”
Proceedings of the National Academy of Sciences 106 (26): 10570–75.},
journaltitle = {•},
year = {2009},
}
@article{Teytelboym_2018,
author = {Mealy, P. and J.D. Farmer and A. Teytelboym},
title = {“A New Interpretation of the Economic
Complexity Index.” INET Oxford Working Paper No. 2018-04, Institute for New
Economic Thinking, Oxford University, Oxford.},
journaltitle = {•},
year = {2018},
}
@article{AIIB_2021,
author = {(AIIB), Asian Infrastructure Investment Bank},
title = { Asian Infrastructure Finance
Report 2019. https://www.aiib.org/en/
news-events/asian-infrastructure-finance/
common/base/download/AIIB-Asian-
Infrastructure-Finance-2021-Report.pdf},
journaltitle = {•},
year = {2021},
}
@article{PWC_2021,
author = {PWC},
title = {Transforming Nigeria's
Agricultural Value Chain,(A case study of the Cocoa
and Dairy industries)},
journaltitle = {•},
year = {2021},
}
@article{LEE_2021,
author = {Joonkoo Lee,},
title = {GLOBAL VALUE CHAIN (GVC)
AND GVC-ORIENTED POLICY
INSIGHTS FROM THE SOUTH
KOREAN EXPERIENCE},
journaltitle = {•},
year = {2021},
}
@article{stam_2004,
author = {Stamm, A.},
title = {“Value Chains for Development Policy, Challenges for Trade Policy and the
Promotion of Economic Development”, Concept Study, Deutsche Gesellschaft für Technische
Zusammenarbeit, Eschborn.},
journaltitle = {•},
year = {2004},
}
@article{Escaith_2015,
author = {Escaith, H.},
title = {“Exploring the policy dimensions of trade in value-added”, MPRA Paper,
No. 59891, University Library of Munich, Germany.},
journaltitle = {•},
year = {2014},
}
@article{OECD_2013b,
author = {OECD },
title = {Interconnected Economies: Benefiting from Global Value Chains, OECD Publishing, Paris.
DOI: http://dx.doi.org/10.1787/9789264189560-en.},
journaltitle = {•},
year = {2013},
}
@article{Hausmann_20142,
author = {Hausmann, R.},
title = {“In Search of Convergence”, Project Syndicate, 20 August 2014.},
journaltitle = {•},
year = {2014},
}
@article{ADB_2021,
author = {(ADB),Asian Development Bank,},
title = {Trade and the Global Value Chains: The Challenging Trade Environment and
Changing Global Value Chain Landscape In Asian Economic Integration Report
2021: Making Digital Platforms Work for Asia and the Pacific  Manila},
journaltitle = {•},
year = {2021},
}
@article{OECD_2021,
author = {(OECD), Organisation for Economic Cooperation & Development,},
title = {Global Value
Chains and Trade Paris. https://www.oecd.org/trade/topics/global-value-chains-
and-trade/},
journaltitle = {•},
year = {2021},
}
@article{WTO_2021,
author = {(WTO) World Trade Organisation,},
title = {GLOBAL VALUE CHAIN
DEVELOPMENT REPORT 2021(BEYOND
PRODUCTION)},
journaltitle = {•},
year = {2021},
}
@article{Lim_2021,
author = {Sunghun Lim},
title = {Global Agricultural Value Chains and Structural Transformation},
journaltitle = {NBER Working Paper No. 29194},
year = {2021},
}
@article{Mao_2021,
author = {Zhuqing Mao},
title = {Global Value Chains (GVCs) and Economic Growth: A Non-
linear Analysis},
journaltitle = {Singapore Economic Review},
year = {2021},
}
@article{Piermartini,
author = {Piermartini, R. and S. Rubínová},
title = {Knowledge Spillovers Through International Supply},
journaltitle = {•},
year = {2014},
}
@article{Javorcik_2009,
author = {Javorcik, B.S. and M. Spatareanu},
title = {Tough Love: Do Czech Suppliers Learn from their
Relationships with Multinationals? Scandinavian Journal of Economics, 111(4), pp. 811-833.},
journaltitle = {•},
year = {2009},
}

@article{Javorick_2004,
author = {Javorcik, B.S. },
title = { Does Foreign Direct Investment Increase the Productivity of Domestic
Firms? In Search of Spillovers Through Backward Linkages. American Economic Review,
94(3), pp. 605-627.},
journaltitle = {•},
year = {2004},
}
@article{Demarchi_2018,
author = {De Marchi, V and E Giuliani and R Rabellotti},
title = {Do Global Value Chains Offer Developing
Countries Learning and Innovation Opportunities? The European Journal of Development
Research, 30, pp. 389-407.},
journaltitle = {•},
year = {2018},
}
@article{Lee_2013,
author = {Lee, K.},
title = {Schumpeterian Analysis of Economic Catch-Up: Knowledge, Path-Creation,
and the Middle-Income Trap. Cambridge University Press, Cambridge.},
journaltitle = {•},
year = {2013},
}
@article{Jeffrey_2021,
author = {Jeffrey Kouton and Sulpice Amonle},
title = {Global value chains, labor productivity, and inclusive growth
in Africa: empirical evidence from heterogeneous panel
methods},
journaltitle = {Journal of Social and Economic Development (2021) 23:1–23
https://doi.org/10.1007/s40847-020-00108-y},
year = {2021},
}
@article{Pahl_2019,
author = {Pahl, S and Timmer MP and Gouma R and Woltjer PJ },
title = {Jobs in global value chains: new evidence for four
African countries in international perspective. In: Policy research working paper; no. WPS 8953.
World Bank Group, Washington},
journaltitle = {•},
year = {2019},
}
@article{Ogunleye_2014,
author = {Ogunleye, EK.},
title = { Global value chain development and structural transformation in Nigeria. Africa
Econ Brief 5(2):1–12},
journaltitle = {•},
year = {2014},
}
